
  <record>
    <controlfield tag="001">302</controlfield>
    <datafield tag="024" ind1="7" ind2=" ">
      <subfield code="2">DOI</subfield>
      <subfield code="a">10.7483/OPENDATA.CMS.97YF.C4AH</subfield>
    </datafield>
    <datafield tag="245" ind1="" ind2="">
      <subfield code="a">Dielectron events with invariant mass range 2-5 GeV for public education and outreach</subfield>
    </datafield>
    <datafield tag="260" ind1=" " ind2=" ">
      <subfield code="b">CERN Open Data Portal</subfield>
      <subfield code="c">2014</subfield>
    </datafield>
    <datafield tag="100" ind1="" ind2="">
      <subfield code="a">McCauley, Thomas</subfield>
    </datafield>
    <datafield tag="520" ind1="" ind2="">
      <subfield code="a">The collaboration approved the release of 2000 dielectron events around the J/psi for use in education and outreach. This record contains the necessary files for these use-cases.</subfield>
    </datafield>
    <datafield tag="540" ind1=" " ind2=" ">
      <subfield code="a">CC0</subfield>
    </datafield>
    <datafield tag="556" ind1="" ind2="">
      <subfield code="a">These data were selected for use in education and outreach and contain a subset of the total event information. The selection criteria may be different from that used in CMS physics results. They are not suitable for a full physics analysis.</subfield>
    </datafield>
    <datafield tag="567" ind1=" " ind2=" ">
      <subfield code="a">The events in this derived dataset were selected because of the presence of two electrons with invariant mass between 2-5 GeV.</subfield>
    </datafield>
    <datafield tag="581" ind1=" " ind2=" ">
      <subfield code="a">Files with the extension .ig are JSON files containing information suitable for visual display. The data can be accessed from the file menu of the online event display</subfield>
      <subfield code="u">http://opendata.cern.ch/visualise/events/CMS</subfield>
      <subfield code="y">Explore and visualise events</subfield>
    </datafield>
    <datafield tag="693" ind1=" " ind2=" ">
      <subfield code="a">CERN-LHC</subfield>
      <subfield code="e">CMS</subfield>
    </datafield>
    <datafield tag="980" ind1=" " ind2=" ">
      <subfield code="a">CMS-Derived-Datasets</subfield>
    </datafield>
    <datafield tag="FFT" ind1="" ind2="">
      <subfield code="a">/tmp/opendata.cern.ch-fft-file-cache/cms-docdb-files/dielectron-Jpsi_0.ig</subfield>
      <subfield code="n">dielectron-Jpsi_0</subfield>
    </datafield>
    <datafield tag="FFT" ind1="" ind2="">
      <subfield code="a">/tmp/opendata.cern.ch-fft-file-cache/cms-docdb-files/dielectron-Jpsi_17.ig</subfield>
      <subfield code="n">dielectron-Jpsi_17</subfield>
    </datafield>
    <datafield tag="FFT" ind1="" ind2="">
      <subfield code="a">/tmp/opendata.cern.ch-fft-file-cache/cms-docdb-files/dielectron-Jpsi_18.ig</subfield>
      <subfield code="n">dielectron-Jpsi_18</subfield>
    </datafield>
    <datafield tag="FFT" ind1="" ind2="">
      <subfield code="a">/tmp/opendata.cern.ch-fft-file-cache/cms-docdb-files/dielectron-Jpsi_19.ig</subfield>
      <subfield code="n">dielectron-Jpsi_19</subfield>
    </datafield>
    <datafield tag="FFT" ind1="" ind2="">
      <subfield code="a">/tmp/opendata.cern.ch-fft-file-cache/cms-docdb-files/dielectron-Jpsi_2.ig</subfield>
      <subfield code="n">dielectron-Jpsi_2</subfield>
    </datafield>
    <datafield tag="FFT" ind1="" ind2="">
      <subfield code="a">/tmp/opendata.cern.ch-fft-file-cache/cms-docdb-files/dielectron-Jpsi_3.ig</subfield>
      <subfield code="n">dielectron-Jpsi_3</subfield>
    </datafield>
    <datafield tag="FFT" ind1="" ind2="">
      <subfield code="a">/tmp/opendata.cern.ch-fft-file-cache/cms-docdb-files/dielectron-Jpsi_4.ig</subfield>
      <subfield code="n">dielectron-Jpsi_4</subfield>
    </datafield>
    <datafield tag="FFT" ind1="" ind2="">
      <subfield code="a">/tmp/opendata.cern.ch-fft-file-cache/cms-docdb-files/dielectron-Jpsi_5.ig</subfield>
      <subfield code="n">dielectron-Jpsi_5</subfield>
    </datafield>
    <datafield tag="FFT" ind1="" ind2="">
      <subfield code="a">/tmp/opendata.cern.ch-fft-file-cache/cms-docdb-files/dielectron-Jpsi_6.ig</subfield>
      <subfield code="n">dielectron-Jpsi_6</subfield>
    </datafield>
    <datafield tag="FFT" ind1="" ind2="">
      <subfield code="a">/tmp/opendata.cern.ch-fft-file-cache/cms-docdb-files/dielectron-Jpsi_7.ig</subfield>
      <subfield code="n">dielectron-Jpsi_7</subfield>
    </datafield>
    <datafield tag="FFT" ind1="" ind2="">
      <subfield code="a">/tmp/opendata.cern.ch-fft-file-cache/cms-docdb-files/dielectron-Jpsi_8.ig</subfield>
      <subfield code="n">dielectron-Jpsi_8</subfield>
    </datafield>
    <datafield tag="FFT" ind1="" ind2="">
      <subfield code="a">/tmp/opendata.cern.ch-fft-file-cache/cms-docdb-files/dielectron-Jpsi_1.ig</subfield>
      <subfield code="n">dielectron-Jpsi_1</subfield>
    </datafield>
    <datafield tag="FFT" ind1="" ind2="">
      <subfield code="a">/tmp/opendata.cern.ch-fft-file-cache/cms-docdb-files/dielectron-Jpsi_9.ig</subfield>
      <subfield code="n">dielectron-Jpsi_9</subfield>
    </datafield>
    <datafield tag="FFT" ind1="" ind2="">
      <subfield code="a">/tmp/opendata.cern.ch-fft-file-cache/cms-docdb-files/dielectron-Jpsi_10.ig</subfield>
      <subfield code="n">dielectron-Jpsi_10</subfield>
    </datafield>
    <datafield tag="FFT" ind1="" ind2="">
      <subfield code="a">/tmp/opendata.cern.ch-fft-file-cache/cms-docdb-files/dielectron-Jpsi_11.ig</subfield>
      <subfield code="n">dielectron-Jpsi_11</subfield>
    </datafield>
    <datafield tag="FFT" ind1="" ind2="">
      <subfield code="a">/tmp/opendata.cern.ch-fft-file-cache/cms-docdb-files/dielectron-Jpsi_12.ig</subfield>
      <subfield code="n">dielectron-Jpsi_12</subfield>
    </datafield>
    <datafield tag="FFT" ind1="" ind2="">
      <subfield code="a">/tmp/opendata.cern.ch-fft-file-cache/cms-docdb-files/dielectron-Jpsi_13.ig</subfield>
      <subfield code="n">dielectron-Jpsi_13</subfield>
    </datafield>
    <datafield tag="FFT" ind1="" ind2="">
      <subfield code="a">/tmp/opendata.cern.ch-fft-file-cache/cms-docdb-files/dielectron-Jpsi_14.ig</subfield>
      <subfield code="n">dielectron-Jpsi_14</subfield>
    </datafield>
    <datafield tag="FFT" ind1="" ind2="">
      <subfield code="a">/tmp/opendata.cern.ch-fft-file-cache/cms-docdb-files/dielectron-Jpsi_15.ig</subfield>
      <subfield code="n">dielectron-Jpsi_15</subfield>
    </datafield>
    <datafield tag="FFT" ind1="" ind2="">
      <subfield code="a">/tmp/opendata.cern.ch-fft-file-cache/cms-docdb-files/dielectron-Jpsi_16.ig</subfield>
      <subfield code="n">dielectron-Jpsi_16</subfield>
    </datafield>
    <datafield tag="FFT" ind1="" ind2="">
      <subfield code="a">/tmp/opendata.cern.ch-fft-file-cache/cms-docdb-files/dielectron-Jpsi.csv</subfield>
      <subfield code="n">dielectron-Jpsi</subfield>
    </datafield>
    <datafield tag="FFT" ind1="" ind2="">
      <subfield code="a">/tmp/opendata.cern.ch-fft-file-cache/cms-docdb-files/dielectron-Jpsi.json</subfield>
      <subfield code="n">dielectron-Jpsi</subfield>
    </datafield>
  </record>