
  <record>
    <controlfield tag="001">310</controlfield>
    <datafield tag="024" ind1="7" ind2=" ">
      <subfield code="2">DOI</subfield>
      <subfield code="a">10.7483/OPENDATA.CMS.SSYF.EGXW</subfield>
    </datafield>
    <datafield tag="245" ind1="" ind2="">
      <subfield code="a">Event files for CMS masterclass exercise 2014</subfield>
    </datafield>
    <datafield tag="260" ind1=" " ind2=" ">
      <subfield code="b">CERN Open Data Portal</subfield>
      <subfield code="c">2014</subfield>
    </datafield>
    <datafield tag="100" ind1="" ind2="">
      <subfield code="a">McCauley, Thomas</subfield>
    </datafield>
    <datafield tag="520" ind1="" ind2="">
      <subfield code="a">This document collects event information for use in the 2014 CMS masterclass exercise. It contains previously-released data: 800 events each of W to munu and enu, 75 events each of Z to ee and mumu, 100 dimuon events between 2-100 GeV, 50 dimuon events between 2-12 GeV (i.e. J/psi and upsilon), three 4-lepton Higgs candidate events and ten di-photon Higgs candidate events.</subfield>
    </datafield>
    <datafield tag="540" ind1=" " ind2=" ">
      <subfield code="a">CC0</subfield>
    </datafield>
    <datafield tag="556" ind1="" ind2="">
      <subfield code="a">These data were selected for use in education and outreach, particularly for the CMS masterclass, and contain a subset of the total event information. The selection criteria may be different from that used in CMS physics results. They are not suitable for a full physics analysis.</subfield>
    </datafield>
    <datafield tag="567" ind1=" " ind2=" ">
      <subfield code="a">These events were selected from other derived datasets for use in the 2014 CMS masterclass exercise.</subfield>
    </datafield>
    <datafield tag="581" ind1=" " ind2=" ">
      <subfield code="a">These data are for use in the 2014 CMS masterclass.</subfield>
      <subfield code="u">http://cms.physicsmasterclasses.org/pages/cmswz.html</subfield>
      <subfield code="y">CMS Masterclass WZH Measurement</subfield>
    </datafield>
    <datafield tag="693" ind1=" " ind2=" ">
      <subfield code="a">CERN-LHC</subfield>
      <subfield code="e">CMS</subfield>
    </datafield>
    <datafield tag="980" ind1=" " ind2=" ">
      <subfield code="a">CMS-Derived-Datasets</subfield>
    </datafield>
    <datafield tag="FFT" ind1="" ind2="">
      <subfield code="a">/tmp/opendata.cern.ch-fft-file-cache/cms-docdb-files/masterclass_1-leptons.csv</subfield>
      <subfield code="n">masterclass_1-leptons</subfield>
    </datafield>
    <datafield tag="FFT" ind1="" ind2="">
      <subfield code="a">/tmp/opendata.cern.ch-fft-file-cache/cms-docdb-files/masterclass_11-lnu.csv</subfield>
      <subfield code="n">masterclass_11-lnu</subfield>
    </datafield>
    <datafield tag="FFT" ind1="" ind2="">
      <subfield code="a">/tmp/opendata.cern.ch-fft-file-cache/cms-docdb-files/masterclass_11-photon.csv</subfield>
      <subfield code="n">masterclass_11-photon</subfield>
    </datafield>
    <datafield tag="FFT" ind1="" ind2="">
      <subfield code="a">/tmp/opendata.cern.ch-fft-file-cache/cms-docdb-files/masterclass_11.ig</subfield>
      <subfield code="n">masterclass_11</subfield>
    </datafield>
    <datafield tag="FFT" ind1="" ind2="">
      <subfield code="a">/tmp/opendata.cern.ch-fft-file-cache/cms-docdb-files/masterclass_12-leptons.csv</subfield>
      <subfield code="n">masterclass_12-leptons</subfield>
    </datafield>
    <datafield tag="FFT" ind1="" ind2="">
      <subfield code="a">/tmp/opendata.cern.ch-fft-file-cache/cms-docdb-files/masterclass_12-lnu.csv</subfield>
      <subfield code="n">masterclass_12-lnu</subfield>
    </datafield>
    <datafield tag="FFT" ind1="" ind2="">
      <subfield code="a">/tmp/opendata.cern.ch-fft-file-cache/cms-docdb-files/masterclass_12-photon.csv</subfield>
      <subfield code="n">masterclass_12-photon</subfield>
    </datafield>
    <datafield tag="FFT" ind1="" ind2="">
      <subfield code="a">/tmp/opendata.cern.ch-fft-file-cache/cms-docdb-files/masterclass_12.ig</subfield>
      <subfield code="n">masterclass_12</subfield>
    </datafield>
    <datafield tag="FFT" ind1="" ind2="">
      <subfield code="a">/tmp/opendata.cern.ch-fft-file-cache/cms-docdb-files/masterclass_13-leptons.csv</subfield>
      <subfield code="n">masterclass</subfield>
    </datafield>
    <datafield tag="FFT" ind1="" ind2="">
      <subfield code="a">/tmp/opendata.cern.ch-fft-file-cache/cms-docdb-files/masterclass_13-lnu.csv</subfield>
      <subfield code="n">masterclass_13-lnu</subfield>
    </datafield>
    <datafield tag="FFT" ind1="" ind2="">
      <subfield code="a">/tmp/opendata.cern.ch-fft-file-cache/cms-docdb-files/masterclass_13-photon.csv</subfield>
      <subfield code="n">masterclass_13-photon</subfield>
    </datafield>
    <datafield tag="FFT" ind1="" ind2="">
      <subfield code="a">/tmp/opendata.cern.ch-fft-file-cache/cms-docdb-files/masterclass_1-lnu.csv</subfield>
      <subfield code="n">masterclass_1-lnu</subfield>
    </datafield>
    <datafield tag="FFT" ind1="" ind2="">
      <subfield code="a">/tmp/opendata.cern.ch-fft-file-cache/cms-docdb-files/masterclass_13.ig</subfield>
      <subfield code="n">masterclass_13</subfield>
    </datafield>
    <datafield tag="FFT" ind1="" ind2="">
      <subfield code="a">/tmp/opendata.cern.ch-fft-file-cache/cms-docdb-files/masterclass_14-leptons.csv</subfield>
      <subfield code="n">masterclass_14-leptons</subfield>
    </datafield>
    <datafield tag="FFT" ind1="" ind2="">
      <subfield code="a">/tmp/opendata.cern.ch-fft-file-cache/cms-docdb-files/masterclass_14-lnu.csv</subfield>
      <subfield code="n">masterclass_14-lnu</subfield>
    </datafield>
    <datafield tag="FFT" ind1="" ind2="">
      <subfield code="a">/tmp/opendata.cern.ch-fft-file-cache/cms-docdb-files/masterclass_14-photon.csv</subfield>
      <subfield code="n">masterclass_14-photon</subfield>
    </datafield>
    <datafield tag="FFT" ind1="" ind2="">
      <subfield code="a">/tmp/opendata.cern.ch-fft-file-cache/cms-docdb-files/masterclass_14.ig</subfield>
      <subfield code="n">masterclass_14</subfield>
    </datafield>
    <datafield tag="FFT" ind1="" ind2="">
      <subfield code="a">/tmp/opendata.cern.ch-fft-file-cache/cms-docdb-files/masterclass_15-leptons.csv</subfield>
      <subfield code="n">masterclass_15-leptons</subfield>
    </datafield>
    <datafield tag="FFT" ind1="" ind2="">
      <subfield code="a">/tmp/opendata.cern.ch-fft-file-cache/cms-docdb-files/masterclass_15-lnu.csv</subfield>
      <subfield code="n">masterclass_15-lnu</subfield>
    </datafield>
    <datafield tag="FFT" ind1="" ind2="">
      <subfield code="a">/tmp/opendata.cern.ch-fft-file-cache/cms-docdb-files/masterclass_15-photon.csv</subfield>
      <subfield code="n">masterclass_15-photon</subfield>
    </datafield>
    <datafield tag="FFT" ind1="" ind2="">
      <subfield code="a">/tmp/opendata.cern.ch-fft-file-cache/cms-docdb-files/masterclass_15.ig</subfield>
      <subfield code="n">masterclass_15</subfield>
    </datafield>
    <datafield tag="FFT" ind1="" ind2="">
      <subfield code="a">/tmp/opendata.cern.ch-fft-file-cache/cms-docdb-files/masterclass_16-leptons.csv</subfield>
      <subfield code="n">masterclass_16-leptons</subfield>
    </datafield>
    <datafield tag="FFT" ind1="" ind2="">
      <subfield code="a">/tmp/opendata.cern.ch-fft-file-cache/cms-docdb-files/masterclass_1-photon.csv</subfield>
      <subfield code="n">masterclass_1-photons</subfield>
    </datafield>
    <datafield tag="FFT" ind1="" ind2="">
      <subfield code="a">/tmp/opendata.cern.ch-fft-file-cache/cms-docdb-files/masterclass_16-lnu.csv</subfield>
      <subfield code="n">masterclass_16-lnu</subfield>
    </datafield>
    <datafield tag="FFT" ind1="" ind2="">
      <subfield code="a">/tmp/opendata.cern.ch-fft-file-cache/cms-docdb-files/masterclass_16-photon.csv</subfield>
      <subfield code="n">masterclass_16-photon</subfield>
    </datafield>
    <datafield tag="FFT" ind1="" ind2="">
      <subfield code="a">/tmp/opendata.cern.ch-fft-file-cache/cms-docdb-files/masterclass_16.ig</subfield>
      <subfield code="n">masterclass_16</subfield>
    </datafield>
    <datafield tag="FFT" ind1="" ind2="">
      <subfield code="a">/tmp/opendata.cern.ch-fft-file-cache/cms-docdb-files/masterclass_17-leptons.csv</subfield>
      <subfield code="n">masterclass_17-leptons</subfield>
    </datafield>
    <datafield tag="FFT" ind1="" ind2="">
      <subfield code="a">/tmp/opendata.cern.ch-fft-file-cache/cms-docdb-files/masterclass_17-lnu.csv</subfield>
      <subfield code="n">masterclass_17-lnu</subfield>
    </datafield>
    <datafield tag="FFT" ind1="" ind2="">
      <subfield code="a">/tmp/opendata.cern.ch-fft-file-cache/cms-docdb-files/masterclass_17-photon.csv</subfield>
      <subfield code="n">masterclass_17-photon</subfield>
    </datafield>
    <datafield tag="FFT" ind1="" ind2="">
      <subfield code="a">/tmp/opendata.cern.ch-fft-file-cache/cms-docdb-files/masterclass_17.ig</subfield>
      <subfield code="n">masterclass_17</subfield>
    </datafield>
    <datafield tag="FFT" ind1="" ind2="">
      <subfield code="a">/tmp/opendata.cern.ch-fft-file-cache/cms-docdb-files/masterclass_18-leptons.csv</subfield>
      <subfield code="n">masterclass_18-leptons</subfield>
    </datafield>
    <datafield tag="FFT" ind1="" ind2="">
      <subfield code="a">/tmp/opendata.cern.ch-fft-file-cache/cms-docdb-files/masterclass_18-lnu.csv</subfield>
      <subfield code="n">masterclass_18-lnu</subfield>
    </datafield>
    <datafield tag="FFT" ind1="" ind2="">
      <subfield code="a">/tmp/opendata.cern.ch-fft-file-cache/cms-docdb-files/masterclass_18-photon.csv</subfield>
      <subfield code="n">masterclass_18-photon</subfield>
    </datafield>
    <datafield tag="FFT" ind1="" ind2="">
      <subfield code="a">/tmp/opendata.cern.ch-fft-file-cache/cms-docdb-files/masterclass_1.ig</subfield>
      <subfield code="n">masterclass_1</subfield>
    </datafield>
    <datafield tag="FFT" ind1="" ind2="">
      <subfield code="a">/tmp/opendata.cern.ch-fft-file-cache/cms-docdb-files/masterclass_18.ig</subfield>
      <subfield code="n">masterclass_18</subfield>
    </datafield>
    <datafield tag="FFT" ind1="" ind2="">
      <subfield code="a">/tmp/opendata.cern.ch-fft-file-cache/cms-docdb-files/masterclass_19-leptons.csv</subfield>
      <subfield code="n">masterclass_19-leptons</subfield>
    </datafield>
    <datafield tag="FFT" ind1="" ind2="">
      <subfield code="a">/tmp/opendata.cern.ch-fft-file-cache/cms-docdb-files/masterclass_19-lnu.csv</subfield>
      <subfield code="n">masterclass_19-lnu</subfield>
    </datafield>
    <datafield tag="FFT" ind1="" ind2="">
      <subfield code="a">/tmp/opendata.cern.ch-fft-file-cache/cms-docdb-files/masterclass_19-photon.csv</subfield>
      <subfield code="n">masterclass_19-photon</subfield>
    </datafield>
    <datafield tag="FFT" ind1="" ind2="">
      <subfield code="a">/tmp/opendata.cern.ch-fft-file-cache/cms-docdb-files/masterclass_19.ig</subfield>
      <subfield code="n">masterclass_19</subfield>
    </datafield>
    <datafield tag="FFT" ind1="" ind2="">
      <subfield code="a">/tmp/opendata.cern.ch-fft-file-cache/cms-docdb-files/masterclass_2-leptons.csv</subfield>
      <subfield code="n">masterclass_2-leptons</subfield>
    </datafield>
    <datafield tag="FFT" ind1="" ind2="">
      <subfield code="a">/tmp/opendata.cern.ch-fft-file-cache/cms-docdb-files/masterclass_2-lnu.csv</subfield>
      <subfield code="n">masterclass_2-lnu</subfield>
    </datafield>
    <datafield tag="FFT" ind1="" ind2="">
      <subfield code="a">/tmp/opendata.cern.ch-fft-file-cache/cms-docdb-files/masterclass_2-photon.csv</subfield>
      <subfield code="n">masterclass_2-photon</subfield>
    </datafield>
    <datafield tag="FFT" ind1="" ind2="">
      <subfield code="a">/tmp/opendata.cern.ch-fft-file-cache/cms-docdb-files/masterclass_2.ig</subfield>
      <subfield code="n">masterclass_2</subfield>
    </datafield>
    <datafield tag="FFT" ind1="" ind2="">
      <subfield code="a">/tmp/opendata.cern.ch-fft-file-cache/cms-docdb-files/masterclass_3-leptons.csv</subfield>
      <subfield code="n">masterclass_3-leptons</subfield>
    </datafield>
    <datafield tag="FFT" ind1="" ind2="">
      <subfield code="a">/tmp/opendata.cern.ch-fft-file-cache/cms-docdb-files/masterclass_10-leptons.csv</subfield>
      <subfield code="n">masterclass_10-leptons</subfield>
    </datafield>
    <datafield tag="FFT" ind1="" ind2="">
      <subfield code="a">/tmp/opendata.cern.ch-fft-file-cache/cms-docdb-files/masterclass_3-lnu.csv</subfield>
      <subfield code="n">masterclass_3-lnu</subfield>
    </datafield>
    <datafield tag="FFT" ind1="" ind2="">
      <subfield code="a">/tmp/opendata.cern.ch-fft-file-cache/cms-docdb-files/masterclass_3-photon.csv</subfield>
      <subfield code="n">masterclass_3-photon</subfield>
    </datafield>
    <datafield tag="FFT" ind1="" ind2="">
      <subfield code="a">/tmp/opendata.cern.ch-fft-file-cache/cms-docdb-files/masterclass_3.ig</subfield>
      <subfield code="n">masterclass_3</subfield>
    </datafield>
    <datafield tag="FFT" ind1="" ind2="">
      <subfield code="a">/tmp/opendata.cern.ch-fft-file-cache/cms-docdb-files/masterclass_4-leptons.csv</subfield>
      <subfield code="n">masterclass_4-leptons</subfield>
    </datafield>
    <datafield tag="FFT" ind1="" ind2="">
      <subfield code="a">/tmp/opendata.cern.ch-fft-file-cache/cms-docdb-files/masterclass_4-lnu.csv</subfield>
      <subfield code="n">masterclass_4-lnu</subfield>
    </datafield>
    <datafield tag="FFT" ind1="" ind2="">
      <subfield code="a">/tmp/opendata.cern.ch-fft-file-cache/cms-docdb-files/masterclass_4-photon.csv</subfield>
      <subfield code="n">masterclass_4-photon</subfield>
    </datafield>
    <datafield tag="FFT" ind1="" ind2="">
      <subfield code="a">/tmp/opendata.cern.ch-fft-file-cache/cms-docdb-files/masterclass_4.ig</subfield>
      <subfield code="n">masterclass_4</subfield>
    </datafield>
    <datafield tag="FFT" ind1="" ind2="">
      <subfield code="a">/tmp/opendata.cern.ch-fft-file-cache/cms-docdb-files/masterclass_5-leptons.csv</subfield>
      <subfield code="n">masterclass_5-leptons</subfield>
    </datafield>
    <datafield tag="FFT" ind1="" ind2="">
      <subfield code="a">/tmp/opendata.cern.ch-fft-file-cache/cms-docdb-files/masterclass_5-lnu.csv</subfield>
      <subfield code="n">masterclass_5-lnu</subfield>
    </datafield>
    <datafield tag="FFT" ind1="" ind2="">
      <subfield code="a">/tmp/opendata.cern.ch-fft-file-cache/cms-docdb-files/masterclass_5-photon.csv</subfield>
      <subfield code="n">masterclass_5-photon</subfield>
    </datafield>
    <datafield tag="FFT" ind1="" ind2="">
      <subfield code="a">/tmp/opendata.cern.ch-fft-file-cache/cms-docdb-files/masterclass_10-lnu.csv</subfield>
      <subfield code="n">masterclass_10-lnu</subfield>
    </datafield>
    <datafield tag="FFT" ind1="" ind2="">
      <subfield code="a">/tmp/opendata.cern.ch-fft-file-cache/cms-docdb-files/masterclass_5.ig</subfield>
      <subfield code="n">masterclass_5</subfield>
    </datafield>
    <datafield tag="FFT" ind1="" ind2="">
      <subfield code="a">/tmp/opendata.cern.ch-fft-file-cache/cms-docdb-files/masterclass_6-leptons.csv</subfield>
      <subfield code="n">masterclass_6-leptons</subfield>
    </datafield>
    <datafield tag="FFT" ind1="" ind2="">
      <subfield code="a">/tmp/opendata.cern.ch-fft-file-cache/cms-docdb-files/masterclass_6-lnu.csv</subfield>
      <subfield code="n">masterclass_6-lnu</subfield>
    </datafield>
    <datafield tag="FFT" ind1="" ind2="">
      <subfield code="a">/tmp/opendata.cern.ch-fft-file-cache/cms-docdb-files/masterclass_6-photon.csv</subfield>
      <subfield code="n">masterclass_6-photon</subfield>
    </datafield>
    <datafield tag="FFT" ind1="" ind2="">
      <subfield code="a">/tmp/opendata.cern.ch-fft-file-cache/cms-docdb-files/masterclass_6.ig</subfield>
      <subfield code="n">masterclass_6</subfield>
    </datafield>
    <datafield tag="FFT" ind1="" ind2="">
      <subfield code="a">/tmp/opendata.cern.ch-fft-file-cache/cms-docdb-files/masterclass_7-leptons.csv</subfield>
      <subfield code="n">masterclass_7-leptons</subfield>
    </datafield>
    <datafield tag="FFT" ind1="" ind2="">
      <subfield code="a">/tmp/opendata.cern.ch-fft-file-cache/cms-docdb-files/masterclass_7-lnu.csv</subfield>
      <subfield code="n">masterclass_7-lnu</subfield>
    </datafield>
    <datafield tag="FFT" ind1="" ind2="">
      <subfield code="a">/tmp/opendata.cern.ch-fft-file-cache/cms-docdb-files/masterclass_7-photon.csv</subfield>
      <subfield code="n">masterclass_7-photon</subfield>
    </datafield>
    <datafield tag="FFT" ind1="" ind2="">
      <subfield code="a">/tmp/opendata.cern.ch-fft-file-cache/cms-docdb-files/masterclass_7.ig</subfield>
      <subfield code="n">masterclass_7</subfield>
    </datafield>
    <datafield tag="FFT" ind1="" ind2="">
      <subfield code="a">/tmp/opendata.cern.ch-fft-file-cache/cms-docdb-files/masterclass_8-leptons.csv</subfield>
      <subfield code="n">masterclass_8-leptons</subfield>
    </datafield>
    <datafield tag="FFT" ind1="" ind2="">
      <subfield code="a">/tmp/opendata.cern.ch-fft-file-cache/cms-docdb-files/masterclass_10-photon.csv</subfield>
      <subfield code="n">masterclass_10-photon</subfield>
    </datafield>
    <datafield tag="FFT" ind1="" ind2="">
      <subfield code="a">/tmp/opendata.cern.ch-fft-file-cache/cms-docdb-files/masterclass_8-lnu.csv</subfield>
      <subfield code="n">masterclass_8-lnu</subfield>
    </datafield>
    <datafield tag="FFT" ind1="" ind2="">
      <subfield code="a">/tmp/opendata.cern.ch-fft-file-cache/cms-docdb-files/masterclass_8-photon.csv</subfield>
      <subfield code="n">masterclass_8-photon</subfield>
    </datafield>
    <datafield tag="FFT" ind1="" ind2="">
      <subfield code="a">/tmp/opendata.cern.ch-fft-file-cache/cms-docdb-files/masterclass_8.ig</subfield>
      <subfield code="n">masterclass_8</subfield>
    </datafield>
    <datafield tag="FFT" ind1="" ind2="">
      <subfield code="a">/tmp/opendata.cern.ch-fft-file-cache/cms-docdb-files/masterclass_9-leptons.csv</subfield>
      <subfield code="n">masterclass_9-leptons</subfield>
    </datafield>
    <datafield tag="FFT" ind1="" ind2="">
      <subfield code="a">/tmp/opendata.cern.ch-fft-file-cache/cms-docdb-files/masterclass_9-lnu.csv</subfield>
      <subfield code="n">masterclass_9-lnu</subfield>
    </datafield>
    <datafield tag="FFT" ind1="" ind2="">
      <subfield code="a">/tmp/opendata.cern.ch-fft-file-cache/cms-docdb-files/masterclass_9-photon.csv</subfield>
      <subfield code="n">masterclass_9-photon</subfield>
    </datafield>
    <datafield tag="FFT" ind1="" ind2="">
      <subfield code="a">/tmp/opendata.cern.ch-fft-file-cache/cms-docdb-files/masterclass_9.ig</subfield>
      <subfield code="n">masterclass_9</subfield>
    </datafield>
    <datafield tag="FFT" ind1="" ind2="">
      <subfield code="a">/tmp/opendata.cern.ch-fft-file-cache/cms-docdb-files/masterclass_10.ig</subfield>
      <subfield code="n">masterclass_10</subfield>
    </datafield>
    <datafield tag="FFT" ind1="" ind2="">
      <subfield code="a">/tmp/opendata.cern.ch-fft-file-cache/cms-docdb-files/masterclass_11-leptons.csv</subfield>
      <subfield code="n">masterclass_11-leptons</subfield>
    </datafield>
    <datafield tag="FFT" ind1="" ind2="">
      <subfield code="a">/tmp/opendata.cern.ch-fft-file-cache/cms-docdb-files/masterclass-2014.xls</subfield>
      <subfield code="n">masterclass-2014</subfield>
    </datafield>
  </record>
</collection>
